@Article{goodbourn_pseudoextinction_2015,
  title = {``{{Pseudoextinction}}'': {{Asymmetries}} in Simultaneous Attentional Selection.},
  volume = {41},
  shorttitle = {``{{Pseudoextinction}}''},
  number = {2},
  journal = {Journal of experimental psychology: human perception and performance},
  author = {Patrick T. Goodbourn and Alex O. Holcombe},
  year = {2015},
  pages = {364},
  file = {/Users/charlesludowici 1/Zotero/storage/URL2NYWN/Goodbourn and Holcombe - 2015 - “Pseudoextinction” Asymmetries in simultaneous at.pdf;/Users/charlesludowici 1/Zotero/storage/37E3CDZ4/2015-02660-001.html},
}
